%---------------2016--------------
@article{2016-arXiv-TemporalIso,
  title={Subgraph Isomorphism in Temporal Networks},
  author={Redmond, Ursula and Cunningham, P{\'a}draig},
  journal={arXiv preprint arXiv:1605.02174},
  year={2016}
}

%---------------2015--------------

@article{2015-VLDB-BoostIso,
  author    = {Xuguang Ren and
               Junhu Wang},
  title     = {Exploiting Vertex Relationships in Speeding up Subgraph Isomorphism
               over Large Graphs},
  journal   = {{PVLDB}},
  volume    = {8},
  number    = {5},
  pages     = {617--628},
  year      = {2015}
}

@article{2015-EAj-DegreeReduction,
  author    = {Julian R. Ullmann},
  title     = {Degree Reduction in Labeled Graph Retrieval},
  journal   = {{ACM} Journal of Experimental Algorithmics},
  volume    = {20},
  year      = {2015},
  url       = {http://doi.acm.org/10.1145/2699878},
  doi       = {10.1145/2699878},
  timestamp = {Mon, 08 Feb 2016 17:41:45 +0100},
  biburl    = {http://dblp.uni-trier.de/rec/bib/journals/jea/Ullmann15},
  bibsource = {dblp computer science bibliography, http://dblp.org}
}

%---------------2014--------------

@article{2014-IEEE-DualIso,
  author = {Matthew Saltz and
            Ayushi Jain and
	    Abishek Kothari and
	    Arash Fard and
	    John A. Miller and
	    Lakshmih Ramaswamy
           },
  title = {DualIso: An Algorithm for Subgraph Pattern Matching on Very Large
                  Labeled Graphs},
  journal = {{IEEE} International Congress on Big Data},
  year = {2014},
  pages = {498--505},
  doi = {10.1109/BigData.Congress.2014.79},
}

%---------------2013--------------

@inproceedings{2013-SIGMOD-TurboISO,
  author    = {Wook{-}Shin Han and
               Jinsoo Lee and
               Jeong{-}Hoon Lee},
  title     = {Turbo\({}_{\mbox{iso}}\): towards ultrafast and robust subgraph isomorphism
               search in large graph databases},
  booktitle = {Proceedings of the {ACM} {SIGMOD} International Conference on Management
               of Data, {SIGMOD} 2013, New York, NY, USA, June 22-27, 2013},
  pages     = {337--348},
  year      = {2013},
  crossref  = {DBLP:conf/sigmod/2013},
  url       = {http://doi.acm.org/10.1145/2463676.2465300},
  doi       = {10.1145/2463676.2465300},
  timestamp = {Wed, 26 Jun 2013 09:37:17 +0200},
  biburl    = {http://dblp.uni-trier.de/rec/bib/conf/sigmod/HanLL13},
  bibsource = {dblp computer science bibliography, http://dblp.org}
}

@proceedings{DBLP:conf/sigmod/2013,
  editor    = {Kenneth A. Ross and
               Divesh Srivastava and
               Dimitris Papadias},
  title     = {Proceedings of the {ACM} {SIGMOD} International Conference on Management
               of Data, {SIGMOD} 2013, New York, NY, USA, June 22-27, 2013},
  publisher = {{ACM}},
  year      = {2013},
  url       = {http://dl.acm.org/citation.cfm?id=2463676},
  isbn      = {978-1-4503-2037-5},
  timestamp = {Wed, 26 Jun 2013 08:41:29 +0200},
  biburl    = {http://dblp.uni-trier.de/rec/bib/conf/sigmod/2013},
  bibsource = {dblp computer science bibliography, http://dblp.org}
}



%---------------2012-------------

@article{2012-VLDB-IsoSurvey,
  author    = {Jinsoo Lee and
               Wook{-}Shin Han and
               Romans Kasperovics and
               Jeong{-}Hoon Lee},
  title     = {An In-depth Comparison of Subgraph Isomorphism Algorithms in Graph
               Databases},
  journal   = {{PVLDB}},
  volume    = {6},
  number    = {2},
  pages     = {133--144},
  year      = {2012}
}


%---------------2010--------------

@article{2010-VLDB-SPath,
  author    = {Peixiang Zhao and
               Jiawei Han},
  title     = {On Graph Query Optimization in Large Networks},
  journal   = {{PVLDB}},
  volume    = {3},
  number    = {1},
  pages     = {340--351},
  year      = {2010}
}

%---------------2009--------------
@inproceedings{2009-EDBT-GADDI,
  author    = {Shijie Zhang and
               Shirong Li and
               Jiong Yang},
  title     = {{GADDI:} distance index based subgraph matching in biological networks},
  booktitle = {{EDBT} 2009, 12th International Conference on Extending Database Technology,
               Saint Petersburg, Russia, March 24-26, 2009, Proceedings},
  pages     = {192--203},
  year      = {2009},
  crossref  = {DBLP:conf/edbt/2009}
}

@proceedings{DBLP:conf/edbt/2009,
  editor    = {Martin L. Kersten and
               Boris Novikov and
               Jens Teubner and
               Vladimir Polutin and
               Stefan Manegold},
  title     = {{EDBT} 2009, 12th International Conference on Extending Database Technology,
               Saint Petersburg, Russia, March 24-26, 2009, Proceedings},
  series    = {{ACM} International Conference Proceeding Series},
  volume    = {360},
  publisher = {{ACM}},
  year      = {2009}
}



%---------------2008--------------

@article{2008-VLDB-QuickSI,
  author    = {Haichuan Shang and
               Ying Zhang and
               Xuemin Lin and
               Jeffrey Xu Yu},
  title     = {Taming verification hardness: an efficient algorithm for testing subgraph
               isomorphism},
  journal   = {{PVLDB}},
  volume    = {1},
  number    = {1},
  pages     = {364--375},
  year      = {2008} 
}



@inproceedings{2008-SIGMOD-GraphQL,
  author    = {Huahai He and
               Ambuj K. Singh},
  title     = {Graphs-at-a-time: query language and access methods for graph databases},
  booktitle = {Proceedings of the {ACM} {SIGMOD} International Conference on Management
               of Data, {SIGMOD} 2008, Vancouver, BC, Canada, June 10-12, 2008},
  pages     = {405--418},
  year      = {2008},
  crossref  = {DBLP:conf/sigmod/2008}
}

@proceedings{DBLP:conf/sigmod/2008,
  editor    = {Jason Tsong{-}Li Wang},
  title     = {Proceedings of the {ACM} {SIGMOD} International Conference on Management
               of Data, {SIGMOD} 2008, Vancouver, BC, Canada, June 10-12, 2008},
  publisher = {{ACM}},
  year      = {2008},
  isbn      = {978-1-60558-102-6}
}

%---------------2004--------------

@article{2004-PAMI-VF2,
  author    = {Luigi P. Cordella and
               Pasquale Foggia and
               Carlo Sansone and
               Mario Vento},
  title     = {A (Sub)Graph Isomorphism Algorithm for Matching Large Graphs},
  journal   = {{IEEE} Trans. Pattern Anal. Mach. Intell.},
  volume    = {26},
  number    = {10},
  pages     = {1367--1372},
  year      = {2004}
}

%---------------1984--------------

@article{1984-SIGMOD-RTree,
 author = {Guttman, Antonin},
 title = {R-trees: A Dynamic Index Structure for Spatial Searching},
 journal = {SIGMOD Rec.},
 issue_date = {June 1984},
 volume = {14},
 number = {2},
 month = jun,
 year = {1984},
 issn = {0163-5808},
 pages = {47--57},
 numpages = {11},
 url = {http://doi.acm.org/10.1145/971697.602266},
 doi = {10.1145/971697.602266},
 acmid = {602266},
 publisher = {ACM},
 address = {New York, NY, USA},
} 

%---------------1976--------------

@article{1976-ACMJ-Ullman,
  author    = {Julian R. Ullmann},
  title     = {An Algorithm for Subgraph Isomorphism},
  journal   = {J. {ACM}},
  volume    = {23},
  number    = {1},
  pages     = {31--42},
  year      = {1976},
  url       = {http://doi.acm.org/10.1145/321921.321925},
  doi       = {10.1145/321921.321925},
  timestamp = {Thu, 20 Nov 2003 12:28:25 +0100},
  biburl    = {http://dblp.uni-trier.de/rec/bib/journals/jacm/Ullmann76},
  bibsource = {dblp computer science bibliography, http://dblp.org}
}